<?xml version="1.0" encoding="UTF-8"?>
<record xmlns="http://www.loc.gov/MARC21/slim" xmlns:xsi="http://www.w3.org/2001/XMLSchema-instance" xsi:schemaLocation="http://www.loc.gov/MARC21/slim http://www.loc.gov/standards/marcxml/schema/MARC21slim.xsd">
<leader>     nam a2200217 a 4500</leader>
<controlfield tag="001">001676949</controlfield>
<controlfield tag="003">NNU</controlfield>
<controlfield tag="005">20001218194244.0</controlfield>
<controlfield tag="008">941103m19069999ua            000 0cara d</controlfield>
<datafield tag="035" ind1="9" ind2=" ">
<subfield code="a">NYUb12220318</subfield>
</datafield>
<datafield tag="035" ind1=" " ind2=" ">
<subfield code="a">(CStRLIN)NJPG94-B66301</subfield>
</datafield>
<datafield tag="040" ind1=" " ind2=" ">
<subfield code="a">NjP</subfield>
<subfield code="c">NjP</subfield>
</datafield>
<datafield tag="100" ind1="1" ind2=" ">
<subfield code="a">Azharī, Muḥammad al-Bashīr Ẓāfir.</subfield>
</datafield>
<datafield tag="240" ind1="1" ind2="0">
<subfield code="a">Yawāqīt al-thamīnah fī aʻyān madhhab ʻālim al-Madīnah</subfield>
</datafield>
<datafield tag="245" ind1="1" ind2="0">
<subfield code="a">Kitāb al-Yawāqīt al-thamīnah fī aʻyān madhhab ʻālim al-Madīnah /</subfield>
<subfield code="c">taʼlīf Muḥammad al-Bashīr Ẓāfir al-Azharī.</subfield>
</datafield>
<datafield tag="260" ind1=" " ind2=" ">
<subfield code="a">[Cairo] :</subfield>
<subfield code="b">Maṭbaʻat al-Malājiʼ al-ʻAbbāsīyah,</subfield>
<subfield code="c">1324 [i.e. 1325 1906 or 1907]-</subfield>
</datafield>
<datafield tag="300" ind1=" " ind2=" ">
<subfield code="a">v. ;</subfield>
<subfield code="c">24 cm.</subfield>
</datafield>
<datafield tag="650" ind1=" " ind2="0">
<subfield code="a">Malikites</subfield>
<subfield code="v">Biography.</subfield>
</datafield>
<datafield tag="740" ind1="0" ind2="1">
<subfield code="a">Yawāqīt al-thamīnah fī aʻyān madhhab ʻālim al-Madīnah.</subfield>
</datafield>
<datafield tag="OWN" ind1=" " ind2=" ">
<subfield code="a">GENERAL</subfield>
</datafield>
<datafield tag="950" ind1=" " ind2=" ">
<subfield code="l">BMAIN</subfield>
<subfield code="a">BP70</subfield>
<subfield code="b">.A9</subfield>
</datafield>
<datafield tag="955" ind1=" " ind2=" ">
<subfield code="l">BMAIN</subfield>
<subfield code="c">1:v.1</subfield>
<subfield code="r">027684717</subfield>
</datafield>
<datafield tag="998" ind1=" " ind2=" ">
<subfield code="s">9124</subfield>
</datafield>
<datafield tag="AVA" ind1=" " ind2=" ">
<subfield code="a">NYU50</subfield>
<subfield code="b">BOBST</subfield>
<subfield code="c">Main Collection</subfield>
<subfield code="d">BP70 .A9</subfield>
<subfield code="e">unavailable</subfield>
<subfield code="t">Unavailable</subfield>
<subfield code="f">1</subfield>
<subfield code="g">1</subfield>
<subfield code="h">Y</subfield>
<subfield code="i">0</subfield>
<subfield code="j">MAIN</subfield>
<subfield code="k">0</subfield>
</datafield>
</record>
